@conference{HiggsBR_LCWS2019,
    title = "A method to improve the precision of the branching fraction measurements of all Higgs decays",
    author = "Brient, Jean-Claude",
    booktitle = "{International Conference on Linear Colliders (LCWS)}",
    year = "2019",
    note= "{International Workshop on Future Linear Colliders}",
    URL= "{https://agenda.linearcollider.org/event/8217/timetable//\#190-a-method-to-improve-the-pr}",
}
@article{hRecoilIndependence,
    author = "Yan, Jacqueline and Fujii, Keisuke and Tian, Junping",
    title = "{Model independence of the measurement of the $e^+e^- \to ZH$ cross section using $Z \to \mu^+\mu^-$ and $Z \to e^+e^-$ at the ILC}",
    eprint = "1601.06481",
    archivePrefix = "arXiv",
    primaryClass = "hep-ph",
    month = "1",
    year = "2016"
}
@article{ILD_DBD,
    author = "Abramowicz, Halina and others",
    editor = "Behnke, Ties and Brau, James E. and Burrows, Philip N. and Fuster, Juan and Peskin, Michael and Stanitzki, Marcel and Sugimoto, Yasuhiro and Yamada, Sakue and Yamamoto, Hitoshi",
    title = "{The International Linear Collider Technical Design Report - Volume 4: Detectors}",
    eprint = "1306.6329",
    archivePrefix = "arXiv",
    primaryClass = "physics.ins-det",
    reportNumber = "ILC-REPORT-2013-040, ANL-HEP-TR-13-20, BNL-100603-2013-IR, IRFU-13-59, CERN-ATS-2013-037, COCKCROFT-13-10, CLNS-13-2085, DESY-13-062, FERMILAB-TM-2554, IHEP-AC-ILC-2013-001, INFN-13-04-LNF, JAI-2013-001, JINR-E9-2013-35, JLAB-R-2013-01, KEK-REPORT-2013-1, KNU-CHEP-ILC-2013-1, LLNL-TR-635539, SLAC-R-1004, ILC-HIGRADE-REPORT-2013-003",
    month = "6",
    year = "2013"
}
@article{ILD_IDR,
    author = "Abramowicz, Halina and others",
    collaboration = "ILD Concept Group",
    title = "{International Large Detector: Interim Design Report}",
    eprint = "2003.01116",
    archivePrefix = "arXiv",
    primaryClass = "physics.ins-det",
    reportNumber = "DESY-20-034, KEK 2019-57",
    month = "3",
    year = "2020"
}
@article{ParticleFlow,
    author = "Brient, Jean-Claude and Videau, Henri",
    editor = "Graf, Norman",
    title = "{The Calorimetry at the future $e^+e^-$ linear collider}",
    eprint = "hep-ex/0202004",
    archivePrefix = "arXiv",
    reportNumber = "SNOWMASS-2001-E3047",
    journal = "eConf",
    volume = "C010630",
    pages = "E3047",
    year = "2001"
}
@article{ILC_Staging_2017,
    author = "Evans, Lyn and Michizono, Shinichiro",
    collaboration = "Linear Collider",
    title = "{The International Linear Collider Machine Staging Report 2017}",
    eprint = "1711.00568",
    archivePrefix = "arXiv",
    primaryClass = "physics.acc-ph",
    reportNumber = "KEK-2017-3, DESY-17-180, CERN-ACC-2017-0097",
    month = "11",
    year = "2017"
}
@article{whizard,
    author = "Kilian, Wolfgang and Ohl, Thorsten and Reuter, Jurgen",
    title = "{WHIZARD: Simulating Multi-Particle Processes at LHC and ILC}",
    eprint = "0708.4233",
    archivePrefix = "arXiv",
    primaryClass = "hep-ph",
    reportNumber = "DESY-11-126, EDINBURGH-2010-36, FR-PHENO-2010-037, SI-HEP-2010-18",
    doi = "10.1140/epjc/s10052-011-1742-y",
    journal = "Eur. Phys. J. C",
    volume = "71",
    pages = "1742",
    year = "2011"
}
@article{omega,
    author = "Moretti, Mauro and Ohl, Thorsten and Reuter, Jurgen",
    editor = "Behnke, Ties and Bertolucci, S. and Heuer, Rolf D. and Miller, David and Richard, Francois and Settles, Ron and Telnov, V. and Zerwas, Peter",
    title = "{O'Mega: An Optimizing matrix element generator}",
    eprint = "hep-ph/0102195",
    archivePrefix = "arXiv",
    reportNumber = "IKDA-2001-06, LC-TOOL-2001-040",
    pages = "1981--2009",
    month = "2",
    year = "2001"
}
@article{pythia,
    author = "Sjostrand Torbjorn and Mrenna, Stephen and Skands, Peter Z.",
    title = "{PYTHIA 6.4 Physics and Manual}",
    eprint = "hep-ph/0603175",
    archivePrefix = "arXiv",
    reportNumber = "FERMILAB-PUB-06-052-CD-T, LU-TP-06-13",
    doi = "10.1088/1126-6708/2006/05/026",
    journal = "JHEP",
    volume = "05",
    pages = "026",
    year = "2006"
}
@inproceedings{ILCSoft,
  title = "The ILCSoft project",
  year = 2021,
  url = {https://github.com/iLCSoft},
  urldate = {2021-09-30}
}
@article{DD4hep,
    author = {Frank, Markus and Gaede, Frank and Petric, Marko and Sailer, Andre},
    title = {AIDASoft/DD4hep: v01-16-01},
    month = mar,
    year = 2021,
    note = {webpage: http://dd4hep.cern.ch/},
    journal = {DOI:10.5281/zenodo.4638724},
    version = {v01-16-01},
    doi = {10.5281/zenodo.4638724},
    url = {https://doi.org/10.5281/zenodo.4638724}
}
@article{GEANT4,
    author = "Agostinelli, S. and others",
    title = "{GEANT4--a simulation toolkikt. GEANT4. A Simulation toolkit}",
    journal = "Nucl. Instrum. Meth. A",
    collaboration = "GEANT4 Collaboration",
    reportNumber = "CERN-IT-2002-003, FERMILAB-PUB-03-339, SLAC-PUB-9350, 3",
    volume = "506",
    pages = "250-303. 54 p",
    month = "Jul",
    year = "2002",
    url = "http://cds.cern.ch/record/602040",
    doi = "10.1016/S0168-9002(03)01368-8",
}
@article{PandoraPFA,
   title={Particle flow calorimetry and the PandoraPFA algorithm},
   volume={611},
   ISSN={0168-9002},
   url={http://dx.doi.org/10.1016/j.nima.2009.09.009},
   DOI={10.1016/j.nima.2009.09.009},
   number={1},
   journal="Nucl. Instrum. Meth. A",
   publisher={Elsevier BV},
   author={Thomson, M.A.},
   year={2009},
   month={Nov},
   pages={25â€“40}
}
@article{LCFIPlus,
    author = "Suehara, Taikan and Tanabe, Tomohiko",
    title = "{LCFIPlus: A Framework for Jet Analysis in Linear Collider Studies}",
    eprint = "1506.08371",
    archivePrefix = "arXiv",
    primaryClass = "physics.ins-det",
    doi = "10.1016/j.nima.2015.11.054",
    journal = "Nucl. Instrum. Meth. A",
    volume = "808",
    pages = "109--116",
    year = "2016"
}
@article{ILC_Scenarios,
    author = "Barklow, T. and Brau, J. and Fujii, K. and Gao, J. and List, J. and Walker, N. and Yokoya, K.",
    title = "{ILC Operating Scenarios}",
    eprint = "1506.07830",
    archivePrefix = "arXiv",
    primaryClass = "hep-ex",
    reportNumber = "ILC-NOTE-2015-068, DESY-15-102, IHEP-AC-2015-002, KEK-PREPRINT --2015-17, SLAC-PUB-16309",
    month = "6",
    year = "2015"
}
@article{Minuit,
    author = "James,Frederick. and Roos, Matts",
    title = "{Minuit: A System for Function Minimization and Analysis of the Parameter Errors and Correlations}",
    reportNumber = "CERN-DD-75-20",
    doi = "10.1016/0010-4655(75)90039-9",
    journal = "Comput. Phys. Commun.",
    volume = "10",
    pages = "343--367",
    year = "1975"
}
@article{iminuit,
    author = {Hans Dembinski and Piti Ongmongkolkul and others},
    title = {scikit-hep/iminuit: v2.0.0},
    month = dec,
    year = 2020,
    journal = {DOI:10.5281/zenodo.4638724},
    version = {v2.0.0},
    doi = {10.5281/zenodo.4310361},
    url = {https://doi.org/10.5281/zenodo.4310361}
}
